% This file was created with JabRef 2.7b.
% Encoding: UTF-8

@BOOK{Bec99,
  title = {Extreme Programming Explained},
  publisher = {Addison Wesley},
  year = {1999},
  author = {Beck, K.}
}

@BOOK{Bec00,
  title = {Planning Extreme Programming},
  publisher = {Addison Wesley},
  year = {2000},
  author = {Beck, K. and Fowler, M.}
}

@ARTICLE{JakMich06,
  author = {Jakała, M. and Michno, M.},
  title = {Projekt i implementacja internetowego systemu obsługi konferencji},
  journal = {AGH University of Science and Technology},
  year = {2006},
  note = {\texttt{http://bit.ly/JakMich06}}
}

@BOOK{Jef00,
  title = {Extreme Programming Installed},
  year = {2000},
  author = {Jeffries, R.}
}

@MISC{Kim11,
  author = {Kim, R.},
  title = {Mobile Internet user to eclipse wireline users by 2015},
  year = {2011},
  note = {\texttt{http://bit.ly/Kim11}}
}

@ARTICLE{Mad09,
  author = {Madeyski, L. and Kubiasiak, M.},
  title = {Zwinna Specyfikacja Wymagań},
  journal = {{e}-Informatyka.pl},
  year = {2009},
  note = {\texttt{http://bit.ly/Mad09}}
}

@ARTICLE{OSP2PVS,
  author = {scvi.net},
  title = {Open Source P2P Video Straming Software},
  note = {\texttt{http://bit.ly/OSP2PVS}}
}

@MISC{Wol09p,
  author = {Wolski, M. and Sommerville, I. and Sawyer, P.},
  title = {Podstawowe dobre praktyki inżynierii wymagań},
  year = {2009},
  note = {\texttt{http://bit.ly/Wol09p}},
  owner = {lechup},
  timestamp = {2012.03.21}
}

@MISC{Wol09s,
  author = {Wolski, M. and Sommerville, I. and Sawyer, P.},
  title = {Średniozaawansowane dobre praktyki inżynierii wymagań},
  year = {2009},
  note = {\texttt{http://bit.ly/Wol09s}}
}

